<?xml version="1.0" encoding="UTF-8"?><collection xmlns="http://www.loc.gov/MARC21/slim"><record><leader>00484nam--2200181-u-4500</leader><controlfield tag="001">000055434</controlfield><controlfield tag="002">20161230</controlfield><controlfield tag="005">20170119004014</controlfield><controlfield tag="008">130207s1000------------r-----000-0-eng-d</controlfield><datafield ind1=" " ind2=" " tag="040"><subfield code="a">IFIN-HH</subfield></datafield><datafield ind1=" " ind2=" " tag="080"><subfield code="a">51(031)</subfield></datafield><datafield ind1="1" ind2=" " tag="100"><subfield code="a">Vinogradov, I. M</subfield></datafield><datafield ind1="1" ind2="0" tag="245"><subfield code="a">Matematiceskaia entiklopedia</subfield><subfield code="c">I.M. Vinogradov</subfield></datafield><datafield ind1=" " ind2=" " tag="260"><subfield code="a">Moskva</subfield><subfield code="b">Sovetskaia Entiklopedia</subfield><subfield code="c">1977, 1982</subfield></datafield><datafield ind1=" " ind2=" " tag="300"><subfield code="a">4 vol</subfield></datafield><datafield ind1="1" ind2=" " tag="787"><subfield code="a">Vol. 5. Slu-ia</subfield><subfield code="d">1985</subfield><subfield code="h">1246 p</subfield></datafield><datafield ind1=" " ind2=" " tag="852"><subfield code="a">D.239</subfield><subfield code="c">SLG</subfield></datafield><datafield ind1=" " ind2=" " tag="CAT"><subfield code="a">SYS</subfield><subfield code="c">20170119</subfield><subfield code="h">004014</subfield></datafield></record></collection>